%% Saved with string encoding Unicode (UTF-8) 



%%PAIND / BAT / hslu


%----------------------------Common Sources----------------------
@UNPUBLISHED{hsluaufgabe,
  author      = {Adrian Omlin and Erich Styger and Rolf Mettler},
  institution = {Lucerne University},
  type        = {Aufgabenstellung},
  title       = {Industrieprojekt im Studiengang Elektrotechnik und Informationstechnologie, Formula Student Electric},
  year        = {2024},
}

@article{paind2022,
  author        = {{Electrical Engineering Students}},
  title         = {{Industrieprojekt, Formula Student Electric}},
  date-added    = {2022.12.31 21:36:43 +0100},
  date-modified = {2022.12.31 21:36:43 +0100},
  journal        = {{Hochschule Luzern Technik und Architektur}},
  year          = {2022},
}

@article{paind2024,
  author        = {{Electrical Engineering Students}},
  title         = {{Industrieprojekt, Formula Student Electric}},
  date-added    = {2024.12.31 21:36:43 +0100},
  date-modified = {2024.12.31 21:36:43 +0100},
  journal        = {{Hochschule Luzern Technik und Architektur}},
  year          = {2024},
}

@misc{fsgrules2025,
  author        = {{Formula Student Germany}},
  title         = {Formula Student Rules 2025 v1.0},
  year          = {2024},
  month         = {November},
  url           = {https://www.formulastudent.de/fileadmin/user_upload/all/2025/rules/FS-Rules_2025_v1.0.pdf},
  note          = {Last checked: 11th December 2024}
}

@misc{furggubaumhorn,
  author        = {Georges Sanga},
  title         = {Northwall of {Furggubäumhorn} during winter},
  year          = {2021},
  month         = {November},
  url           = {https://www.sac-cas.ch/de/huetten-und-touren/sac-tourenportal/furggubaeumhorn-punta-daurona-708/hochtouren/},
  note          = {Last checked: 11th December 2024}
}
%----------------------------Individual Sources----------------------
@article{Shanon,
  author={Luke, H.D.},
  journal={IEEE Communications Magazine}, 
  title={The origins of the sampling theorem}, 
  year={1999},
  volume={37},
  number={4},
  pages={106-108},
  keywords={Sampling methods;Time division multiplexing;Telephony;Frequency;Telegraphy;Signal sampling;Speech;Information theory;Knowledge engineering;Art},
  doi={10.1109/35.755459}}

@article{alison24,
  author       = {Alison Jäggi},
  title        = {{Formula Student Electric - Sensoren und Aktoren, PB PCB, SDE PCB, ESF und ASF}},
  year         = {2024},
  month        = {June},
  day          = {7},
  journal      = {Hochschule Luzern Technik und Architektur},
}

@misc{baumerOADM,
  author        = {{Baumer Sensors}},
  title         = {{Distance sensor (Model OADM 12I6460/S35A)}},
  year          = {2022},
  month         = {November},
  url           = {https://www.baumer.com/medias/__secure__/Baumer_OADM-12I6460-S35A_EN_20221109_DS.pdf?mediaPK=9056100679710},
  note          = {Last checked: 11th December 2024}
}

@misc{TEFC,
  author        = {{TE Connectivity}},
  title         = {{COMPRESSION LOAD CELL (Model FC2331-0000-0500-L)}},
  year          = {2024},
  month         = {December},
  url           = {https://www.te.com/en/product-FC2331-0000-0500-L.datasheet.pdf},
  note          = {Last checked: 16th December 2024}
}

@misc{keller21py,
  author        = {{Keller Druck}},
  title         = {{Piezoresistive pressure transmitters (Series 21PY)}},
  year          = {2023},
  month         = {September},
  url           = {https://download.keller-druck.com/api/download/Fzm7hpjeHz8aktesMh9Api/en/2023-09.pdf},
  note          = {Last checked: 16th December 2024}
}

@misc{baumerEAM,
  author        = {{Baumer Sensors}},
  title         = {{Singleturn rotary encoder (Model EAM280 - Analog)}},
  year          = {2024},
  month         = {May},
  url           = {https://www.baumer.com/medias/__secure__/Baumer_EAM280-Analog_DE_20240503_DS.pdf?mediaPK=9161546563614},
  note          = {Last checked: 16th December 2024}
}

@misc{TEELHS,
  author        = {{TE Connectivity}},
  title         = {{Miniature load cell (Model ELHS)}},
  year          = {2017},
  month         = {June},
  url           = {https://www.te.com/commerce/DocumentDelivery/DDEController?Action=showdoc&DocId=Data+Sheet%7FELHS%7FA4%7Fpdf%7FEnglish%7FENG_DS_ELHS_A4.pdf%7FCAT-FLS0003},
  note          = {Last checked: 16th December 2024}
}

@misc{contelecVERTX,
  author        = {{Contelec}},
  title         = {{Magnetic rotary encoder (Model Vert-X 31E 24V)}},
  year          = {2011},
  month         = {July},
  url           = {https://media.distrelec.com/Web/Downloads/_t/ds/Vert-X_31E_24V_4-20mA_eng_tds.pdf},
  note          = {Last checked: 16th December 2024}
}

@misc{variohmELPM,
  author        = {{VariOhm - Euro Sensor}},
  title         = {{Linear potentiometer (Model ELPM 175)}},
  year          = {2017},
  month         = {March},
  url           = {https://alcyonelectronique.fr/wp-content/uploads/2019/04/ELPM_Position-Sensor_-1703_H-Alcyon.pdf},
  note          = {Last checked: 16th December 2024}
}

@misc{izzieIRTS,
  author        = {{Izzie Racing}},
  title         = {{Infrared Tire Temperature Sensor (Model IRTS-V3)}},
  year          = {2023},
  month         = {},
  url           = {https://www.izzeracing.com/products/ewExternalFiles/IZZE_IRTS_V3_Datasheet.pdf},
  note          = {Last checked: 16th December 2024}
}


@misc{maxonEC4,
  author        = {{maxon}},
  title         = {{Brushless DC-motor (Model EC-4pole 30 Ø30 mm, brushless, 200 Watt)}},
  year          = {2024},
  month         = {},
  url           = {https://www.maxongroup.com/maxon/view/product/motor/ecmotor/ec4pole/305013},
  note          = {Last checked: 17th December 2024}
}

@misc{tmotorAS2304,
  author        = {{t-motor}},
  title         = {{Brushless drone motor (Model TMOTOR AS2304 1500KV)}},
  year          = {2022},
  month         = {},
  url           = {https://shop.tmotor.com/products/fixed-wing-burshless-motor-as2304-short-shaft},
  note          = {Last checked: 17th December 2024}
}

@misc{micropumpsMGD2000,
  author        = {{Micropumps}},
  title         = {{Brushless gear liquid pump (Model MGD2000)}},
  year          = {2019},
  month         = {November},
  url           = {https://micropumps.co.uk/wp-content/uploads/2022/08/DS59-MGD2000-Data-Sheet-REV-2.pdf},
  note          = {Last checked: 17th December 2024}
}

@misc{smcVT307,
  author        = {{SMC}},
  title         = {{Direct operated poppet type valve (Model VT307)}},
  year          = {2012},
  month         = {},
  url           = {https://www.smcpneumatics.com/pdfs/VT307.pdf},
  note          = {Last checked: 17th December 2024}
}

@misc{analog1569,
  author        = {{Analog Devices}},
  title         = {{Linear Phase, DC Accurate, Tunable, 10th Order Lowpass Filter (Model LTC1569-7)}},
  year          = {1998},
  month         = {},
  url           = {https://www.analog.com/media/en/technical-documentation/data-sheets/15697fs.pdf},
  note          = {Last checked: 17th December 2024}
}

@book{Astrommurray2008,
url = {https://doi.org/10.1515/9781400828739},
title = {Feedback Systems},
title = {An Introduction for Scientists and Engineers},
author = {Karl Johan Åström and Richard M. Murray},
publisher = {Princeton University Press},
address = {Princeton},
doi = {doi:10.1515/9781400828739},
isbn = {9781400828739},
year = {2008},
}


%%------------Software

@misc{MATLAB2024a,
  author                = {{MathWorks}},
  title                 = {{MATLAB R2024a}},
  year                  = {2024},
  howpublished          = {Computer software},
  url                   = {https://www.mathworks.com},
  note                  = {Last checked: 18th December 2024}
}

@misc{QucsS2441,
  author                = {{Qucs-S Development Team}},
  title                 = {{Qucs-S 24.4.1}},
  year                  = {2024},
  howpublished          = {Computer software},
  url                   = {https://ra3xdh.github.io/qucs-s/},
  note                  = {Last checked: 18th December 2024}
}

@misc{AltiumDesigner2461,
  author                = {{Altium LLC}},
  title                 = {{Altium Designer 24.6.1}},
  year                  = {2024},
  howpublished          = {Computer software},
  url                   = {https://www.altium.com},
  note                  = {Last checked: 18th December 2024}
}

@misc{SiemensNX1998,
  author                = {{Siemens Digital Industries Software}},
  title                 = {{Siemens NX 1998}},
  year                  = {2024},
  howpublished          = {Computer software},
  url                   = {https://www.sw.siemens.com/en-US/nx/},
  note                  = {Last checked: 18th December 2024}
}

@misc{LaTeX2024,
  author                = {{LaTeX Project}},
  title                 = {{LaTeX: A Document Preparation System}},
  year                  = {2024},
  howpublished          = {Computer software},
  url                   = {https://www.latex-project.org},
  note                  = {Last checked: 18th December 2024}
}
